%% This BibTeX bibliography file was created using BibDesk.
%% http://bibdesk.sourceforge.net/


%% Created for Dan Foreman-Mackey at 2014-04-30 14:32:54 -0400 


%% Saved with string encoding Unicode (UTF-8) 



@article{evans-gp,
	Abstract = {We present a secondary eclipse observation for the hot Jupiter HD 189733b across the wavelength range 290-570 nm made using the Space Telescope Imaging Spectrograph on the Hubble Space Telescope. We measure geometric albedos of Ag = 0.40 Â¬$\pm$ 0.12 across 290-450 nm and Ag < 0.12 across 450-570 nm at 1sigma confidence. The albedo decrease toward longer wavelengths is also apparent when using six wavelength bins over the same wavelength range. This can be interpreted as evidence for optically thick reflective clouds on the dayside hemisphere with sodium absorption suppressing the scattered light signal beyond ~450 nm. Our best-fit albedo values imply that HD 189733b would appear a deep blue color at visible wavelengths.},
	Adsnote = {Provided by the SAO/NASA Astrophysics Data System},
	Adsurl = {http://adsabs.harvard.edu/abs/2013ApJ...772L..16E},
	Archiveprefix = {arXiv},
	Author = {{Evans}, T.~M. and {Pont}, F. and {Sing}, D.~K. and {Aigrain}, S. and {Barstow}, J.~K. and {D{\'e}sert}, J.-M. and {Gibson}, N. and {Heng}, K. and {Knutson}, H.~A. and {Lecavelier des Etangs}, A.},
	Date-Added = {2014-04-30 18:32:31 +0000},
	Date-Modified = {2014-04-30 18:32:52 +0000},
	Doi = {10.1088/2041-8205/772/2/L16},
	Eid = {L16},
	Eprint = {1307.3239},
	Journal = {\apjl},
	Keywords = {planets and satellites: atmospheres, stars: individual: HD 189733, techniques: photometric},
	Month = aug,
	Pages = {L16},
	Primaryclass = {astro-ph.EP},
	Title = {{The Deep Blue Color of HD 189733b: Albedo Measurements with Hubble Space Telescope/Space Telescope Imaging Spectrograph at Visible Wavelengths}},
	Volume = 772,
	Year = 2013,
	Bdsk-File-1 = {YnBsaXN0MDDUAQIDBAUGJCVYJHZlcnNpb25YJG9iamVjdHNZJGFyY2hpdmVyVCR0b3ASAAGGoKgHCBMUFRYaIVUkbnVsbNMJCgsMDxJXTlMua2V5c1pOUy5vYmplY3RzViRjbGFzc6INDoACgAOiEBGABIAFgAdccmVsYXRpdmVQYXRoWWFsaWFzRGF0YV8QLC4uLy4uLy4uLy4uL0RvY3VtZW50cy9QYXBlcnMvZXZhbnMvMjAxM2EucGRm0hcLGBlXTlMuZGF0YU8RAYQAAAAAAYQAAgAADE1hY2ludG9zaCBIRAAAAAAAAAAAAAAAAAAAAMteygNIKwAABKfHuwkyMDEzYS5wZGYAAAAAAAAAAAAAAAAAAAAAAAAAAAAAAAAAAAAAAAAAAAAAAAAAAAAAAAAAAAAAAAAAAAAAAAAEp8e4z4a5/gAAAAAAAAAAAAQABAAACSAAAAAAAAAAAAAAAAAAAAAFZXZhbnMAABAACAAAy18QUwAAABEACAAAz4byPgAAAAEAFASnx7sAcp23AAUUHgAFFB0AALlQAAIAPE1hY2ludG9zaCBIRDpVc2VyczoAZGZtOgBEb2N1bWVudHM6AFBhcGVyczoAZXZhbnM6ADIwMTNhLnBkZgAOABQACQAyADAAMQAzAGEALgBwAGQAZgAPABoADABNAGEAYwBpAG4AdABvAHMAaAAgAEgARAASACpVc2Vycy9kZm0vRG9jdW1lbnRzL1BhcGVycy9ldmFucy8yMDEzYS5wZGYAEwABLwAAFQACAAr//wAAgAbSGxwdHlokY2xhc3NuYW1lWCRjbGFzc2VzXU5TTXV0YWJsZURhdGGjHR8gVk5TRGF0YVhOU09iamVjdNIbHCIjXE5TRGljdGlvbmFyeaIiIF8QD05TS2V5ZWRBcmNoaXZlctEmJ1Ryb290gAEACAARABoAIwAtADIANwBAAEYATQBVAGAAZwBqAGwAbgBxAHMAdQB3AIQAjgC9AMIAygJSAlQCWQJkAm0CewJ/AoYCjwKUAqECpAK2ArkCvgAAAAAAAAIBAAAAAAAAACgAAAAAAAAAAAAAAAAAAALA},
	Bdsk-Url-1 = {http://dx.doi.org/10.1088/2041-8205/772/2/L16}}

@article{gibson-gp,
	Author = {{Gibson}, N.~P. and {Aigrain}, S. and {Roberts}, S. and {Evans}, T.~M. and {Osborne}, M. and {Pont}, F.},
	Date-Added = {2014-04-30 18:21:54 +0000},
	Date-Modified = {2014-04-30 18:21:54 +0000},
	Doi = {10.1111/j.1365-2966.2011.19915.x},
	Journal = {MNRAS},
	Month = {jan},
	Pages = {2683-2694},
	Title = {A Gaussian process framework for modelling instrumental systematics: application to transmission spectroscopy},
	Volume = {419},
	Year = {2012},
	Bdsk-Url-1 = {http://dx.doi.org/10.1111/j.1365-2966.2011.19915.x}}

@book{rasmussen,
	Author = {Rasmussen, Carl Edward and Williams, Chris},
	Date-Added = {2014-04-30 18:20:50 +0000},
	Date-Modified = {2014-04-30 18:20:57 +0000},
	Publisher = {MIT Press},
	Title = {Gaussian processes for machine learning},
	Year = {2006}}

@inproceedings{astroML,
	Author = {{Vanderplas}, J.T. and {Connolly}, A.J. and {Ivezi{\'c}}, {\v Z}. and {Gray}, A.},
	Booktitle = {Conference on Intelligent Data Understanding (CIDU)},
	Doi = {10.1109/CIDU.2012.6382200},
	Month = {oct.},
	Pages = {47 -54},
	Title = {Introduction to astroML: Machine learning for astrophysics},
	Year = {2012},
	Bdsk-Url-1 = {http://dx.doi.org/10.1109/CIDU.2012.6382200}}

@book{astroMLText,
	Author = {{Ivezi{\'c}}, {\v Z}. and {Connolly}, A.J. and {Vanderplas}, J.T. and {Gray}, A.},
	Location = {Princeton, NJ},
	Publisher = {Princeton University Press},
	Title = {Statistics, Data Mining and Machine Learning in Astronomy},
	Year = {2014}}

@article{burke08,
	Adsnote = {Provided by the SAO/NASA Astrophysics Data System},
	Adsurl = {http://adsabs.harvard.edu/abs/2008ApJ...686.1331B},
	Archiveprefix = {arXiv},
	Author = {{Burke}, C.~J. and {McCullough}, P.~R. and {Valenti}, J.~A. and {Long}, D. and {Johns-Krull}, C.~M. and {Machalek}, P. and {Janes}, K.~A. and {Taylor}, B. and {Fleenor}, M.~L. and {Foote}, C.~N. and {Gary}, B.~L. and {Garc{\'{\i}}a-Melendo}, E. and {Gregorio}, J. and {Vanmunster}, T.},
	Doi = {10.1086/591497},
	Eprint = {0805.2399},
	Journal = {\apj},
	Keywords = {Galaxies: Individual: NGC Number: NGC 2444, Galaxies: Individual: NGC Number: NGC 2445, Stars: Planetary Systems, stars: individual (GSC 02959-00729)},
	Month = oct,
	Pages = {1331-1340},
	Title = {{XO-5b: A Transiting Jupiter-sized Planet with a 4 day Period}},
	Volume = 686,
	Year = 2008,
	Bdsk-Url-1 = {http://dx.doi.org/10.1086/591497}}

@article{barclay13,
	Adsnote = {Provided by the SAO/NASA Astrophysics Data System},
	Adsurl = {http://adsabs.harvard.edu/abs/2013Natur.494..452B},
	Author = {{Barclay}, T. and {Rowe}, J.~F. and {Lissauer}, J.~J. and {Huber}, D. and {Fressin}, F. and {Howell}, S.~B. and {Bryson}, S.~T. and {Chaplin}, W.~J. and {D{\'e}sert}, J.-M. and {Lopez}, E.~D. and {Marcy}, G.~W. and {Mullally}, F. and {Ragozzine}, D. and {Torres}, G. and {Adams}, E.~R. and {Agol}, E. and {Barrado}, D. and {Basu}, S. and {Bedding}, T.~R. and {Buchhave}, L.~A. and {Charbonneau}, D. and {Christiansen}, J.~L. and {Christensen-Dalsgaard}, J. and {Ciardi}, D. and {Cochran}, W.~D. and {Dupree}, A.~K. and {Elsworth}, Y. and {Everett}, M. and {Fischer}, D.~A. and {Ford}, E.~B. and {Fortney}, J.~J. and {Geary}, J.~C. and {Haas}, M.~R. and {Handberg}, R. and {Hekker}, S. and {Henze}, C.~E. and {Horch}, E. and {Howard}, A.~W. and {Hunter}, R.~C. and {Isaacson}, H. and {Jenkins}, J.~M. and {Karoff}, C. and {Kawaler}, S.~D. and {Kjeldsen}, H. and {Klaus}, T.~C. and {Latham}, D.~W. and {Li}, J. and {Lillo-Box}, J. and {Lund}, M.~N. and {Lundkvist}, M. and {Metcalfe}, T.~S. and {Miglio}, A. and {Morris}, R.~L. and {Quintana}, E.~V. and {Stello}, D. and {Smith}, J.~C. and {Still}, M. and {Thompson}, S.~E.},
	Doi = {10.1038/nature11914},
	Journal = {\nat},
	Month = feb,
	Pages = {452-454},
	Title = {{A sub-Mercury-sized exoplanet}},
	Volume = 494,
	Year = 2013,
	Bdsk-Url-1 = {http://dx.doi.org/10.1038/nature11914}}

@article{foreman13,
	Adsnote = {Provided by the SAO/NASA Astrophysics Data System},
	Adsurl = {http://adsabs.harvard.edu/abs/2013PASP..125..306F},
	Archiveprefix = {arXiv},
	Author = {{Foreman-Mackey}, D. and {Hogg}, D.~W. and {Lang}, D. and {Goodman}, J.},
	Doi = {10.1086/670067},
	Eprint = {1202.3665},
	Journal = {\pasp},
	Keywords = {Data Analysis and Techniques},
	Month = mar,
	Pages = {306-312},
	Primaryclass = {astro-ph.IM},
	Title = {{emcee: The MCMC Hammer}},
	Volume = 125,
	Year = 2013,
	Bdsk-Url-1 = {http://dx.doi.org/10.1086/670067}}

@article{goodman10,
	Author = {{Goodman}, J. and {Weare}, J.},
	Journal = {Comm. App. Math. Comp. Sci.},
	Pages = {65},
	Volume = 5,
	Year = 2010}

@article{stumpe14,
	Adsnote = {Provided by the SAO/NASA Astrophysics Data System},
	Adsurl = {http://adsabs.harvard.edu/abs/2014PASP..126..100S},
	Author = {{Stumpe}, M.~C. and {Smith}, J.~C. and {Catanzarite}, J.~H. and {Van Cleve}, J.~E. and {Jenkins}, J.~M. and {Twicken}, J.~D. and {Girouard}, F.~R.},
	Doi = {10.1086/674989},
	Journal = {\pasp},
	Keywords = {Data Analysis and Techniques},
	Month = jan,
	Pages = {100-114},
	Title = {{Multiscale Systematic Error Correction via Wavelet-Based Bandsplitting in Kepler Data}},
	Volume = 126,
	Year = 2014,
	Bdsk-Url-1 = {http://dx.doi.org/10.1086/674989}}

@article{batalha12,
	Adsnote = {Provided by the SAO/NASA Astrophysics Data System},
	Adsurl = {http://adsabs.harvard.edu/abs/2013ApJS..204...24B},
	Archiveprefix = {arXiv},
	Author = {{Batalha}, N.~M. and {Rowe}, J.~F. and {Bryson}, S.~T. and {Barclay}, T. and {Burke}, C.~J. and {Caldwell}, D.~A. and {Christiansen}, J.~L. and {Mullally}, F. and {Thompson}, S.~E. and {Brown}, T.~M. and {Dupree}, A.~K. and {Fabrycky}, D.~C. and {Ford}, E.~B. and {Fortney}, J.~J. and {Gilliland}, R.~L. and {Isaacson}, H. and {Latham}, D.~W. and {Marcy}, G.~W. and {Quinn}, S.~N. and {Ragozzine}, D. and {Shporer}, A. and {Borucki}, W.~J. and {Ciardi}, D.~R. and {Gautier}, III, T.~N. and {Haas}, M.~R. and {Jenkins}, J.~M. and {Koch}, D.~G. and {Lissauer}, J.~J. and {Rapin}, W. and {Basri}, G.~S. and {Boss}, A.~P. and {Buchhave}, L.~A. and {Carter}, J.~A. and {Charbonneau}, D. and {Christensen-Dalsgaard}, J. and {Clarke}, B.~D. and {Cochran}, W.~D. and {Demory}, B.-O. and {Desert}, J.-M. and {Devore}, E. and {Doyle}, L.~R. and {Esquerdo}, G.~A. and {Everett}, M. and {Fressin}, F. and {Geary}, J.~C. and {Girouard}, F.~R. and {Gould}, A. and {Hall}, J.~R. and {Holman}, M.~J. and {Howard}, A.~W. and {Howell}, S.~B. and {Ibrahim}, K.~A. and {Kinemuchi}, K. and {Kjeldsen}, H. and {Klaus}, T.~C. and {Li}, J. and {Lucas}, P.~W. and {Meibom}, S. and {Morris}, R.~L. and {Pr{\v s}a}, A. and {Quintana}, E. and {Sanderfer}, D.~T. and {Sasselov}, D. and {Seader}, S.~E. and {Smith}, J.~C. and {Steffen}, J.~H. and {Still}, M. and {Stumpe}, M.~C. and {Tarter}, J.~C. and {Tenenbaum}, P. and {Torres}, G. and {Twicken}, J.~D. and {Uddin}, K. and {Van Cleve}, J. and {Walkowicz}, L. and {Welsh}, W.~F.},
	Doi = {10.1088/0067-0049/204/2/24},
	Eid = {24},
	Eprint = {1202.5852},
	Journal = {\apjs},
	Keywords = {catalogs, eclipses, planetary systems, space vehicles, techniques: photometric},
	Month = feb,
	Pages = {24},
	Primaryclass = {astro-ph.EP},
	Title = {{Planetary Candidates Observed by Kepler. III. Analysis of the First 16 Months of Data}},
	Volume = 204,
	Year = 2013,
	Bdsk-Url-1 = {http://dx.doi.org/10.1088/0067-0049/204/2/24}}

@article{carter12,
	Adsnote = {Provided by the SAO/NASA Astrophysics Data System},
	Adsurl = {http://adsabs.harvard.edu/abs/2012Sci...337..556C},
	Archiveprefix = {arXiv},
	Author = {{Carter}, J.~A. and {Agol}, E. and {Chaplin}, W.~J. and {Basu}, S. and {Bedding}, T.~R. and {Buchhave}, L.~A. and {Christensen-Dalsgaard}, J. and {Deck}, K.~M. and {Elsworth}, Y. and {Fabrycky}, D.~C. and {Ford}, E.~B. and {Fortney}, J.~J. and {Hale}, S.~J. and {Handberg}, R. and {Hekker}, S. and {Holman}, M.~J. and {Huber}, D. and {Karoff}, C. and {Kawaler}, S.~D. and {Kjeldsen}, H. and {Lissauer}, J.~J. and {Lopez}, E.~D. and {Lund}, M.~N.~L. and {Lundkvist}, M. and {Metcalfe}, T.~S. and {Miglio}, A. and {Rogers}, L.~A. and {Stello}, D. and {Borucki}, W.~J. and {Bryson}, S. and {Christiansen}, J.~L. and {Cochran}, W.~D. and {Geary}, J.~C. and {Gilliland}, R.~L. and {Haas}, M.~R. and {Hall}, J. and {Howard}, A.~W. and {Jenkins}, J.~M. and {Klaus}, T. and {Koch}, D.~G. and {Latham}, D. and {MacQueen}, P.~J. and {Sasselov}, D. and {Steffen}, J. and {Twicken}, J.~D. and {Winn}, J.~N.},
	Eprint = {1206.4718},
	Journal = {Science},
	Pages = {556-559},
	Primaryclass = {astro-ph.EP},
	Title = {{Kepler-36: A pair of planets with neighboring orbits and dissimilar densities.}},
	Volume = 337,
	Year = 2012}

@article{loeb03,
	Adsnote = {Provided by the SAO/NASA Astrophysics Data System},
	Adsurl = {http://adsabs.harvard.edu/abs/2003ApJ...588L.117L},
	Author = {{Loeb}, A. and {Gaudi}, B.~S.},
	Doi = {10.1086/375551},
	Eprint = {arXiv:astro-ph/0303212},
	Journal = {\apjl},
	Keywords = {Stars: Planetary Systems, Techniques: Photometric},
	Month = may,
	Pages = {L117-L120},
	Title = {{Periodic Flux Variability of Stars due to the Reflex Doppler Effect Induced by Planetary Companions}},
	Volume = 588,
	Year = 2003,
	Bdsk-Url-1 = {http://dx.doi.org/10.1086/375551}}

@article{zucker07,
	Adsnote = {Provided by the SAO/NASA Astrophysics Data System},
	Adsurl = {http://adsabs.harvard.edu/abs/2007ApJ...670.1326Z},
	Archiveprefix = {arXiv},
	Author = {{Zucker}, S. and {Mazeh}, T. and {Alexander}, T.},
	Doi = {10.1086/521389},
	Eprint = {0708.2100},
	Journal = {\apj},
	Keywords = {Stars: Binaries: Close, Stars: Binaries: General, Stars: Binaries: Spectroscopic, Surveys, Techniques: Photometric, Techniques: Radial Velocities},
	Month = dec,
	Pages = {1326-1330},
	Title = {{Beaming Binaries: A New Observational Category of Photometric Binary Stars}},
	Volume = 670,
	Year = 2007,
	Bdsk-Url-1 = {http://dx.doi.org/10.1086/521389}}

@article{mazeh10,
	Adsnote = {Provided by the SAO/NASA Astrophysics Data System},
	Adsurl = {http://adsabs.harvard.edu/abs/2010A%26A...521L..59M},
	Archiveprefix = {arXiv},
	Author = {{Mazeh}, T. and {Faigler}, S.},
	Doi = {10.1051/0004-6361/201015550},
	Eid = {L59},
	Eprint = {1008.3028},
	Journal = {\aap},
	Keywords = {methods: data analysis, planetary systems, stars: individual: CoRoT-3},
	Month = oct,
	Pages = {L59},
	Primaryclass = {astro-ph.EP},
	Title = {{Detection of the ellipsoidal and the relativistic beaming effects in the CoRoT-3 lightcurve}},
	Volume = 521,
	Year = 2010,
	Bdsk-Url-1 = {http://dx.doi.org/10.1051/0004-6361/201015550}}

@article{faigler11,
	Adsnote = {Provided by the SAO/NASA Astrophysics Data System},
	Adsurl = {http://adsabs.harvard.edu/abs/2011MNRAS.415.3921F},
	Archiveprefix = {arXiv},
	Author = {{Faigler}, S. and {Mazeh}, T.},
	Doi = {10.1111/j.1365-2966.2011.19011.x},
	Eprint = {1106.2713},
	Journal = {\mnras},
	Keywords = {methods: data analysis, binaries: eclipsing, binaries: general},
	Month = aug,
	Pages = {3921-3928},
	Primaryclass = {astro-ph.EP},
	Title = {{Photometric detection of non-transiting short-period low-mass companions through the beaming, ellipsoidal and reflection effects in Kepler and CoRoT light curves}},
	Volume = 415,
	Year = 2011,
	Bdsk-Url-1 = {http://dx.doi.org/10.1111/j.1365-2966.2011.19011.x}}

@article{mazeh12,
	Adsnote = {Provided by the SAO/NASA Astrophysics Data System},
	Adsurl = {http://adsabs.harvard.edu/abs/2011arXiv1110.3512M},
	Archiveprefix = {arXiv},
	Author = {{Mazeh}, T. and {Nachmani}, G. and {Sokol}, G. and {Faigler}, S. and {Zucker}, S.},
	Eprint = {1110.3512},
	Journal = {preprint (astro-ph/1110.3512)},
	Keywords = {Astrophysics - Earth and Planetary Astrophysics},
	Month = oct,
	Primaryclass = {astro-ph.EP},
	Title = {{Kepler KOI-13.01 - Detection of beaming and ellipsoidal modulations pointing to a massive hot Jupiter}},
	Year = 2011}

@article{shporer11,
	Adsnote = {Provided by the SAO/NASA Astrophysics Data System},
	Adsurl = {http://adsabs.harvard.edu/abs/2011AJ....142..195S},
	Archiveprefix = {arXiv},
	Author = {{Shporer}, A. and {Jenkins}, J.~M. and {Rowe}, J.~F. and {Sanderfer}, D.~T. and {Seader}, S.~E. and {Smith}, J.~C. and {Still}, M.~D. and {Thompson}, S.~E. and {Twicken}, J.~D. and {Welsh}, W.~F.},
	Doi = {10.1088/0004-6256/142/6/195},
	Eid = {195},
	Eprint = {1110.3510},
	Journal = {\aj},
	Keywords = {methods: data analysis, planets and satellites: detection, stars: individual: KOI-13},
	Month = dec,
	Pages = {195},
	Primaryclass = {astro-ph.EP},
	Title = {{Detection of KOI-13.01 Using the Photometric Orbit}},
	Volume = 142,
	Year = 2011,
	Bdsk-Url-1 = {http://dx.doi.org/10.1088/0004-6256/142/6/195}}

@article{lillo14,
	Adsnote = {Provided by the SAO/NASA Astrophysics Data System},
	Adsurl = {http://adsabs.harvard.edu/abs/2014A%26A...562A.109L},
	Archiveprefix = {arXiv},
	Author = {{Lillo-Box}, J. and {Barrado}, D. and {Moya}, A. and {Montesinos}, B. and {Montalb{\'a}n}, J. and {Bayo}, A. and {Barbieri}, M. and {R{\'e}gulo}, C. and {Mancini}, L. and {Bouy}, H. and {Henning}, T.},
	Doi = {10.1051/0004-6361/201322001},
	Eid = {A109},
	Eprint = {1312.3943},
	Journal = {\aap},
	Keywords = {planets and satellites: fundamental parameters, planets and satellites: detection, stars: oscillations, planets and satellites: dynamical evolution and stability, asteroseismology},
	Month = feb,
	Pages = {A109},
	Primaryclass = {astro-ph.EP},
	Title = {{Kepler-91b: a planet at the end of its life. Planet and giant host star properties via light-curve variations}},
	Volume = 562,
	Year = 2014,
	Bdsk-Url-1 = {http://dx.doi.org/10.1051/0004-6361/201322001}}

@article{sliski14,
	Adsnote = {Provided by the SAO/NASA Astrophysics Data System},
	Adsurl = {http://adsabs.harvard.edu/abs/2014arXiv1401.1207S},
	Archiveprefix = {arXiv},
	Author = {{Sliski}, D.~H. and {Kipping}, D.~M.},
	Eprint = {1401.1207},
	Journal = {ArXiv e-prints},
	Keywords = {Astrophysics - Earth and Planetary Astrophysics},
	Month = jan,
	Primaryclass = {astro-ph.EP},
	Title = {{A High False Positive Rate for Kepler Planetary Candidates of Giant Stars using Asterodensity Profiling}},
	Year = 2014}

@article{stumpe12,
	Adsnote = {Provided by the SAO/NASA Astrophysics Data System},
	Adsurl = {http://adsabs.harvard.edu/abs/2012PASP..124..985S},
	Archiveprefix = {arXiv},
	Author = {{Stumpe}, M.~C. and {Smith}, J.~C. and {Van Cleve}, J.~E. and {Twicken}, J.~D. and {Barclay}, T.~S. and {Fanelli}, M.~N. and {Girouard}, F.~R. and {Jenkins}, J.~M. and {Kolodziejczak}, J.~J. and {McCauliff}, S.~D. and {Morris}, R.~L.},
	Doi = {10.1086/667698},
	Eprint = {1203.1382},
	Journal = {\pasp},
	Keywords = {Data Analysis and Techniques},
	Month = sep,
	Pages = {985-999},
	Primaryclass = {astro-ph.IM},
	Title = {{Kepler Presearch Data Conditioning I - Architecture and Algorithms for Error Correction in Kepler Light Curves}},
	Volume = 124,
	Year = 2012,
	Bdsk-Url-1 = {http://dx.doi.org/10.1086/667698}}

@article{smith12,
	Adsnote = {Provided by the SAO/NASA Astrophysics Data System},
	Adsurl = {http://adsabs.harvard.edu/abs/2012PASP..124.1000S},
	Archiveprefix = {arXiv},
	Author = {{Smith}, J.~C. and {Stumpe}, M.~C. and {Van Cleve}, J.~E. and {Jenkins}, J.~M. and {Barclay}, T.~S. and {Fanelli}, M.~N. and {Girouard}, F.~R. and {Kolodziejczak}, J.~J. and {McCauliff}, S.~D. and {Morris}, R.~L. and {Twicken}, J.~D.},
	Doi = {10.1086/667697},
	Eprint = {1203.1383},
	Journal = {\pasp},
	Keywords = {Data Analysis and Techniques},
	Month = sep,
	Pages = {1000-1014},
	Primaryclass = {astro-ph.IM},
	Title = {{Kepler Presearch Data Conditioning II - A Bayesian Approach to Systematic Error Correction}},
	Volume = 124,
	Year = 2012,
	Bdsk-Url-1 = {http://dx.doi.org/10.1086/667697}}

@book{wiener49,
	Author = {{Wiener}, N.},
	Location = {New York, NY},
	Publisher = {John Wiley \& Sons},
	Title = {The Extrapolation, Interpolation and Smoothing of Stationary Time Series with engineering applications},
	Year = {1949}}

@article{mandel02,
	Adsnote = {Provided by the SAO/NASA Astrophysics Data System},
	Adsurl = {http://adsabs.harvard.edu/abs/2002ApJ...580L.171M},
	Author = {{Mandel}, K. and {Agol}, E.},
	Doi = {10.1086/345520},
	Eprint = {astro-ph/0210099},
	Journal = {\apjl},
	Keywords = {Stars: Binaries: Eclipsing, Eclipses, Occultations, Stars: Planetary Systems},
	Month = dec,
	Pages = {L171-L175},
	Title = {{Analytic Light Curves for Planetary Transit Searches}},
	Volume = 580,
	Year = 2002,
	Bdsk-Url-1 = {http://dx.doi.org/10.1086/345520}}

@article{campbell88,
	Adsnote = {Provided by the SAO/NASA Astrophysics Data System},
	Adsurl = {http://adsabs.harvard.edu/abs/1988ApJ...331..902C},
	Author = {{Campbell}, B. and {Walker}, G.~A.~H. and {Yang}, S.},
	Doi = {10.1086/166608},
	Journal = {\apj},
	Keywords = {Companion Stars, Dwarf Stars, Late Stars, Subgiant Stars, Variable Stars, Accretion Disks, Brown Dwarf Stars, Chromosphere, Gravitational Collapse, Line Spectra, Radial Velocity, Velocity Distribution},
	Month = aug,
	Pages = {902-921},
	Title = {{A search for substellar companions to solar-type stars}},
	Volume = 331,
	Year = 1988,
	Bdsk-Url-1 = {http://dx.doi.org/10.1086/166608}}

@article{mayor95,
	Adsnote = {Provided by the SAO/NASA Astrophysics Data System},
	Adsurl = {http://adsabs.harvard.edu/abs/1995Natur.378..355M},
	Author = {{Mayor}, M. and {Queloz}, D.},
	Doi = {10.1038/378355a0},
	Journal = {\nat},
	Month = nov,
	Pages = {355-359},
	Title = {{A Jupiter-mass companion to a solar-type star}},
	Volume = 378,
	Year = 1995,
	Bdsk-Url-1 = {http://dx.doi.org/10.1038/378355a0}}

@article{marcy96,
	Adsnote = {Provided by the SAO/NASA Astrophysics Data System},
	Adsurl = {http://adsabs.harvard.edu/abs/1996ApJ...464L.147M},
	Author = {{Marcy}, G.~W. and {Butler}, R.~P.},
	Doi = {10.1086/310096},
	Journal = {\apjl},
	Keywords = {STARS: PLANETARY SYSTEMS, STARS: LOW-MASS, BROWN DWARFS},
	Month = jun,
	Pages = {L147},
	Title = {{A Planetary Companion to 70 Virginis}},
	Volume = 464,
	Year = 1996,
	Bdsk-Url-1 = {http://dx.doi.org/10.1086/310096}}

@article{lissauer11,
	Adsnote = {Provided by the SAO/NASA Astrophysics Data System},
	Adsurl = {http://adsabs.harvard.edu/abs/2011Natur.470...53L},
	Archiveprefix = {arXiv},
	Author = {{Lissauer}, J.~J. and {Fabrycky}, D.~C. and {Ford}, E.~B. and {Borucki}, W.~J. and {Fressin}, F. and {Marcy}, G.~W. and {Orosz}, J.~A. and {Rowe}, J.~F. and {Torres}, G. and {Welsh}, W.~F. and {Batalha}, N.~M. and {Bryson}, S.~T. and {Buchhave}, L.~A. and {Caldwell}, D.~A. and {Carter}, J.~A. and {Charbonneau}, D. and {Christiansen}, J.~L. and {Cochran}, W.~D. and {Desert}, J.-M. and {Dunham}, E.~W. and {Fanelli}, M.~N. and {Fortney}, J.~J. and {Gautier}, III, T.~N. and {Geary}, J.~C. and {Gilliland}, R.~L. and {Haas}, M.~R. and {Hall}, J.~R. and {Holman}, M.~J. and {Koch}, D.~G. and {Latham}, D.~W. and {Lopez}, E. and {McCauliff}, S. and {Miller}, N. and {Morehead}, R.~C. and {Quintana}, E.~V. and {Ragozzine}, D. and {Sasselov}, D. and {Short}, D.~R. and {Steffen}, J.~H.},
	Doi = {10.1038/nature09760},
	Eprint = {1102.0291},
	Journal = {\nat},
	Month = feb,
	Pages = {53-58},
	Primaryclass = {astro-ph.EP},
	Title = {{A closely packed system of low-mass, low-density planets transiting Kepler-11}},
	Volume = 470,
	Year = 2011,
	Bdsk-Url-1 = {http://dx.doi.org/10.1038/nature09760}}

@article{demory13,
	Adsnote = {Provided by the SAO/NASA Astrophysics Data System},
	Adsurl = {http://adsabs.harvard.edu/abs/2013ApJ...776L..25D},
	Archiveprefix = {arXiv},
	Author = {{Demory}, B.-O. and {de Wit}, J. and {Lewis}, N. and {Fortney}, J. and {Zsom}, A. and {Seager}, S. and {Knutson}, H. and {Heng}, K. and {Madhusudhan}, N. and {Gillon}, M. and {Barclay}, T. and {Desert}, J.-M. and {Parmentier}, V. and {Cowan}, N.~B.},
	Doi = {10.1088/2041-8205/776/2/L25},
	Eid = {L25},
	Eprint = {1309.7894},
	Journal = {\apjl},
	Keywords = {planetary systems, stars: individual: Kepler-7, techniques: photometric},
	Month = oct,
	Pages = {L25},
	Primaryclass = {astro-ph.EP},
	Title = {{Inference of Inhomogeneous Clouds in an Exoplanet Atmosphere}},
	Volume = 776,
	Year = 2013,
	Bdsk-Url-1 = {http://dx.doi.org/10.1088/2041-8205/776/2/L25}}

@article{barclay12,
	Adsnote = {Provided by the SAO/NASA Astrophysics Data System},
	Adsurl = {http://adsabs.harvard.edu/abs/2012ApJ...761...53B},
	Archiveprefix = {arXiv},
	Author = {{Barclay}, T. and {Huber}, D. and {Rowe}, J.~F. and {Fortney}, J.~J. and {Morley}, C.~V. and {Quintana}, E.~V. and {Fabrycky}, D.~C. and {Barentsen}, G. and {Bloemen}, S. and {Christiansen}, J.~L. and {Demory}, B.-O. and {Fulton}, B.~J. and {Jenkins}, J.~M. and {Mullally}, F. and {Ragozzine}, D. and {Seader}, S.~E. and {Shporer}, A. and {Tenenbaum}, P. and {Thompson}, S.~E.},
	Doi = {10.1088/0004-637X/761/1/53},
	Eid = {53},
	Eprint = {1210.4592},
	Journal = {\apj},
	Keywords = {planets and satellites: individual: TrES-2b, stars: individual: TrES-2A, techniques: photometric},
	Month = dec,
	Pages = {53},
	Primaryclass = {astro-ph.SR},
	Title = {{Photometrically Derived Masses and Radii of the Planet and Star in the TrES-2 System}},
	Volume = 761,
	Year = 2012,
	Bdsk-Url-1 = {http://dx.doi.org/10.1088/0004-637X/761/1/53}}

@article{brown11,
	Adsnote = {Provided by the SAO/NASA Astrophysics Data System},
	Adsurl = {http://adsabs.harvard.edu/abs/2011AJ....142..112B},
	Archiveprefix = {arXiv},
	Author = {{Brown}, T.~M. and {Latham}, D.~W. and {Everett}, M.~E. and {Esquerdo}, G.~A.},
	Doi = {10.1088/0004-6256/142/4/112},
	Eid = {112},
	Eprint = {1102.0342},
	Journal = {\aj},
	Keywords = {catalogs, methods: data analysis, surveys, techniques: photometric},
	Month = oct,
	Pages = {112},
	Primaryclass = {astro-ph.SR},
	Title = {{Kepler Input Catalog: Photometric Calibration and Stellar Classification}},
	Volume = 142,
	Year = 2011,
	Bdsk-Url-1 = {http://dx.doi.org/10.1088/0004-6256/142/4/112}}

@article{huber13,
	Adsnote = {Provided by the SAO/NASA Astrophysics Data System},
	Adsurl = {http://adsabs.harvard.edu/abs/2013ApJ...767..127H},
	Archiveprefix = {arXiv},
	Author = {{Huber}, D. and {Chaplin}, W.~J. and {Christensen-Dalsgaard}, J. and {Gilliland}, R.~L. and {Kjeldsen}, H. and {Buchhave}, L.~A. and {Fischer}, D.~A. and {Lissauer}, J.~J. and {Rowe}, J.~F. and {Sanchis-Ojeda}, R. and {Basu}, S. and {Handberg}, R. and {Hekker}, S. and {Howard}, A.~W. and {Isaacson}, H. and {Karoff}, C. and {Latham}, D.~W. and {Lund}, M.~N. and {Lundkvist}, M. and {Marcy}, G.~W. and {Miglio}, A. and {Silva Aguirre}, V. and {Stello}, D. and {Arentoft}, T. and {Barclay}, T. and {Bedding}, T.~R. and {Burke}, C.~J. and {Christiansen}, J.~L. and {Elsworth}, Y.~P. and {Haas}, M.~R. and {Kawaler}, S.~D. and {Metcalfe}, T.~S. and {Mullally}, F. and {Thompson}, S.~E.},
	Doi = {10.1088/0004-637X/767/2/127},
	Eid = {127},
	Eprint = {1302.2624},
	Journal = {\apj},
	Keywords = {planetary systems, stars: late-type, stars: oscillations, techniques: photometric, techniques: spectroscopic},
	Month = apr,
	Pages = {127},
	Primaryclass = {astro-ph.SR},
	Title = {{Fundamental Properties of Kepler Planet-candidate Host Stars using Asteroseismology}},
	Volume = 767,
	Year = 2013,
	Bdsk-Url-1 = {http://dx.doi.org/10.1088/0004-637X/767/2/127}}

@article{esteves13,
	Adsnote = {Provided by the SAO/NASA Astrophysics Data System},
	Adsurl = {http://adsabs.harvard.edu/abs/2013ApJ...772...51E},
	Archiveprefix = {arXiv},
	Author = {{Esteves}, L.~J. and {De Mooij}, E.~J.~W. and {Jayawardhana}, R.},
	Doi = {10.1088/0004-637X/772/1/51},
	Eid = {51},
	Eprint = {1305.3271},
	Journal = {\apj},
	Keywords = {planets and satellites: individual: Kepler-5 Kepler-6 Kepler-8 KOI-64 KOI-2133 TrES-2 HAT-P-7, stars: individual: Kepler-5 Kepler-6 Kepler-8 KOI-64 KOI-2133 TrES-2 HAT-P-7, techniques: photometric},
	Month = jul,
	Pages = {51},
	Primaryclass = {astro-ph.EP},
	Title = {{Optical Phase Curves of Kepler Exoplanets}},
	Volume = 772,
	Year = 2013,
	Bdsk-Url-1 = {http://dx.doi.org/10.1088/0004-637X/772/1/51}}

@article{huber13b,
	Adsnote = {Provided by the SAO/NASA Astrophysics Data System},
	Adsurl = {http://adsabs.harvard.edu/abs/2013Sci...342..331H},
	Archiveprefix = {arXiv},
	Author = {{Huber}, D. and {Carter}, J.~A. and {Barbieri}, M. and {Miglio}, A. and {Deck}, K.~M. and {Fabrycky}, D.~C. and {Montet}, B.~T. and {Buchhave}, L.~A. and {Chaplin}, W.~J. and {Hekker}, S. and {Montalb{\'a}n}, J. and {Sanchis-Ojeda}, R. and {Basu}, S. and {Bedding}, T.~R. and {Campante}, T.~L. and {Christensen-Dalsgaard}, J. and {Elsworth}, Y.~P. and {Stello}, D. and {Arentoft}, T. and {Ford}, E.~B. and {Gilliland}, R.~L. and {Handberg}, R. and {Howard}, A.~W. and {Isaacson}, H. and {Johnson}, J.~A. and {Karoff}, C. and {Kawaler}, S.~D. and {Kjeldsen}, H. and {Latham}, D.~W. and {Lund}, M.~N. and {Lundkvist}, M. and {Marcy}, G.~W. and {Metcalfe}, T.~S. and {Silva Aguirre}, V. and {Winn}, J.~N.},
	Doi = {10.1126/science.1242066},
	Eprint = {1310.4503},
	Journal = {Science},
	Month = oct,
	Pages = {331-334},
	Primaryclass = {astro-ph.EP},
	Title = {{Stellar Spin-Orbit Misalignment in a Multiplanet System}},
	Volume = 342,
	Year = 2013,
	Bdsk-Url-1 = {http://dx.doi.org/10.1126/science.1242066}}

@article{carter09,
	Adsnote = {Provided by the SAO/NASA Astrophysics Data System},
	Adsurl = {http://adsabs.harvard.edu/abs/2009ApJ...704...51C},
	Archiveprefix = {arXiv},
	Author = {{Carter}, J.~A. and {Winn}, J.~N.},
	Doi = {10.1088/0004-637X/704/1/51},
	Eprint = {0909.0747},
	Journal = {\apj},
	Keywords = {methods: statistical, planetary systems, techniques: photometric},
	Month = oct,
	Pages = {51-67},
	Primaryclass = {astro-ph.EP},
	Title = {{Parameter Estimation from Time-series Data with Correlated Errors: A Wavelet-based Method and its Application to Transit Light Curves}},
	Volume = 704,
	Year = 2009,
	Bdsk-Url-1 = {http://dx.doi.org/10.1088/0004-637X/704/1/51}}

@article{rowe14,
	Adsnote = {Provided by the SAO/NASA Astrophysics Data System},
	Adsurl = {http://adsabs.harvard.edu/abs/2014ApJ...784...45R},
	Archiveprefix = {arXiv},
	Author = {{Rowe}, J.~F. and {Bryson}, S.~T. and {Marcy}, G.~W. and {Lissauer}, J.~J. and {Jontof-Hutter}, D. and {Mullally}, F. and {Gilliland}, R.~L. and {Issacson}, H. and {Ford}, E. and {Howell}, S.~B. and {Borucki}, W.~J. and {Haas}, M. and {Huber}, D. and {Steffen}, J.~H. and {Thompson}, S.~E. and {Quintana}, E. and {Barclay}, T. and {Still}, M. and {Fortney}, J. and {Gautier}, III, T.~N. and {Hunter}, R. and {Caldwell}, D.~A. and {Ciardi}, D.~R. and {Devore}, E. and {Cochran}, W. and {Jenkins}, J. and {Agol}, E. and {Carter}, J.~A. and {Geary}, J.},
	Doi = {10.1088/0004-637X/784/1/45},
	Eid = {45},
	Eprint = {1402.6534},
	Journal = {\apj},
	Keywords = {planetary systems, planets and satellites: fundamental parameters},
	Month = mar,
	Pages = {45},
	Primaryclass = {astro-ph.EP},
	Title = {{Validation of Kepler's Multiple Planet Candidates. III. Light Curve Analysis and Announcement of Hundreds of New Multi-planet Systems}},
	Volume = 784,
	Year = 2014,
	Bdsk-Url-1 = {http://dx.doi.org/10.1088/0004-637X/784/1/45}}

@article{zhu97,
	Author = {{Zhu}, C. and {Byrd}, R.~H. and {Nocedal}, J.},
	Issue = 4,
	Journal = {ACM Transactions on Mathematical Software},
	Pages = {550-560},
	Title = {{L-BFGS-B: Algorithm 778: L-BFGS-B, FORTRAN routines for large scale bound constrained optimization}},
	Volume = 23,
	Year = 1997}

@misc{scipy,
	Author = {Jones, Eric and Oliphant, Travis and Peterson, Pearu and others},
	Title = {{SciPy}: Open source scientific tools for {Python}},
	Url = {http://www.scipy.org/},
	Year = {2001--},
	Bdsk-Url-1 = {http://www.scipy.org/}}

@article{endl11,
	Adsnote = {Provided by the SAO/NASA Astrophysics Data System},
	Adsurl = {http://adsabs.harvard.edu/abs/2011ApJS..197...13E},
	Author = {{Endl}, M. and {MacQueen}, P.~J. and {Cochran}, W.~D. and {Brugamyer}, E.~J. and {Buchhave}, L.~A. and {Rowe}, J. and {Lucas}, P. and {Isaacson}, H. and {Bryson}, S. and {Howell}, S.~B. and {Fortney}, J.~J. and {Hansen}, T. and {Borucki}, W.~J. and {Caldwell}, D. and {Christiansen}, J.~L. and {Ciardi}, D.~R. and {Demory}, B.-O. and {Everett}, M. and {Ford}, E.~B. and {Haas}, M.~R. and {Holman}, M.~J. and {Horch}, E. and {Jenkins}, J.~M. and {Koch}, D.~J. and {Lissauer}, J.~J. and {Machalek}, P. and {Still}, M. and {Welsh}, W.~F. and {Sanderfer}, D.~T. and {Seader}, S.~E. and {Smith}, J.~C. and {Thompson}, S.~E. and {Twicken}, J.~D.},
	Doi = {10.1088/0067-0049/197/1/13},
	Eid = {13},
	Journal = {\apjs},
	Keywords = {planetary systems, stars: individual: Kepler-15 KOI-128 KIC 11359879 2MASS J19444814+4908244, techniques: image processing, techniques: photometric, techniques: radial velocities, techniques: spectroscopic},
	Month = nov,
	Pages = {13},
	Title = {{Kepler-15b: A Hot Jupiter Enriched in Heavy Elements and the First Kepler Mission Planet Confirmed with the Hobby-Eberly Telescope}},
	Volume = 197,
	Year = 2011,
	Bdsk-Url-1 = {http://dx.doi.org/10.1088/0067-0049/197/1/13}}

@article{hatzes98,
	Adsnote = {Provided by the SAO/NASA Astrophysics Data System},
	Adsurl = {http://adsabs.harvard.edu/abs/1998ApJ...508..380H},
	Author = {{Hatzes}, A.~P. and {Cochran}, W.~D. and {Bakker}, E.~J.},
	Doi = {10.1086/306404},
	Journal = {\apj},
	Keywords = {LINE: PROFILES, STARS: PLANETARY SYSTEMS, STARS: INDIVIDUAL: CONSTELLATION NAME: 51 PEGASI, STARS: OSCILLATIONS},
	Month = nov,
	Pages = {380-386},
	Title = {{The Lack of Spectral Variability in 51 Pegasi: Confirmation of the Planet Hypothesis}},
	Volume = 508,
	Year = 1998,
	Bdsk-Url-1 = {http://dx.doi.org/10.1086/306404}}

@inproceedings{tull98,
	Adsnote = {Provided by the SAO/NASA Astrophysics Data System},
	Adsurl = {http://adsabs.harvard.edu/abs/1998SPIE.3355..387T},
	Author = {{Tull}, R.~G.},
	Booktitle = {Optical Astronomical Instrumentation},
	Editor = {{D'Odorico}, S.},
	Month = jul,
	Pages = {387-398},
	Series = {Society of Photo-Optical Instrumentation Engineers (SPIE) Conference Series},
	Title = {{High-resolution fiber-coupled spectrograph of the Hobby-Eberly Telescope}},
	Volume = 3355,
	Year = 1998}

@article{ambikasaran14,
	Adsnote = {Provided by the SAO/NASA Astrophysics Data System},
	Adsurl = {http://adsabs.harvard.edu/abs/2014arXiv1403.6015A},
	Archiveprefix = {arXiv},
	Author = {{Ambikasaran}, S. and {Foreman-Mackey}, D. and {Greengard}, L. and {Hogg}, D.~W. and {O'Neil}, M.},
	Eprint = {1403.6015},
	Journal = {ArXiv e-prints},
	Keywords = {Mathematics - Numerical Analysis, Astrophysics - Instrumentation and Methods for Astrophysics, Mathematics - Statistics Theory},
	Month = mar,
	Primaryclass = {math.NA},
	Title = {{Fast Direct Methods for Gaussian Processes and the Analysis of NASA Kepler Mission Data}},
	Year = 2014}
